<?xml version="1.0" encoding="UTF-8"?><record xmlns="http://www.loc.gov/MARC21/slim" xmlns:cinclude="http://apache.org/cocoon/include/1.0" xmlns:zs="http://www.loc.gov/zing/srw/">
  <leader>00357cz  a2200133n  4500</leader>
  <controlfield tag="001">n  89102085 </controlfield>
  <controlfield tag="003">DLC</controlfield>
  <controlfield tag="005">19900810135014.4</controlfield>
  <controlfield tag="008">900614n| acannaab|          |a aaa |||  </controlfield>
  <datafield tag="010" ind1=" " ind2=" ">
    <subfield code="a">n  89102085 </subfield>
  </datafield>
  <datafield tag="040" ind1=" " ind2=" ">
    <subfield code="a">DLC</subfield>
    <subfield code="c">DLC</subfield>
    <subfield code="d">DLC</subfield>
  </datafield>
  <datafield tag="100" ind1="1" ind2="0">
    <subfield code="a">Saha, Sanat Kumar</subfield>
  </datafield>
  <datafield tag="400" ind1="0" ind2="0">
    <subfield code="a">Sanat Kumar Saha</subfield>
  </datafield>
  <datafield tag="670" ind1=" " ind2=" ">
    <subfield code="a">Hossain, M. Floods in Bangladesh, 1987:</subfield>
    <subfield code="b">t.p. (Sanat Kumar  Saha)</subfield>
  </datafield>
</record>